@article{practicalforensics,
    title = {Practical android phone forensics},
    author = {Hashim Shaikh},
    year = {2017},
    journal = {Digital forensics},
    note = {\url{https://resources.infosecinstitute.com/topic/practical-android-phone-forensics/}}
}

@article{AutomatedForensics,
title = {Automated forensic analysis of mobile applications on Android devices},
journal = {Digital Investigation},
volume = {26},
pages = {S59-S66},
year = {2018},
issn = {1742-2876},
doi = {https://doi.org/10.1016/j.diin.2018.04.012},
note = {\url{https://www.sciencedirect.com/science/article/pii/S1742287618301889}},
author = {Xiaodong Lin and Ting Chen and Tong Zhu and Kun Yang and Fengguo Wei},
}

@article{SurfaceRTForensics,
title = {Windows Surface RT tablet forensics},
author = {Asif Iqbal; Hanan Al Obaidli; Andrew Marrington; Andy Jones},
journal = {Digital Investigation},
volume = {11},
pages = {S87-S93},
year = {2014},
issn = {1742-2876},
doi = {https://doi.org/10.1016/j.diin.2014.03.011},
note = {\url{https://www.sciencedirect.com/science/article/pii/S1742287614000164}},
}

@Article{AndroidLinuxDifferences,
  title={Studying main differences between android \& linux operating systems},
  author={Al-Rayes, Hadeel Tariq},
  journal={International Journal of Electrical \& Computer Sciences IJECS-IJENS},
  volume={12},
  number={05},
  pages={46--49},
  year={2012},
  notes ={\url{https://www.researchgate.net/publication/328125274_Studying_Main_Differences_between_Android_Linux_Operating_Systems}},
}

@article{forensicsPCvsPHONE,
title = {Impacts of increasing volume of digital forensic data: A survey and future research challenges},
journal = {Digital Investigation},
volume = {11},
number = {4},
pages = {273-294},
year = {2014},
issn = {1742-2876},
doi = {https://doi.org/10.1016/j.diin.2014.09.002},
url = {https://www.sciencedirect.com/science/article/pii/S1742287614001066},
author = {Darren Quick and Kim-Kwang Raymond Choo},
}

@Article{bootloaderdiff,
author = {Emmanuel Lessieur and Olivier Martinot and Yanick Fratantonio and Arnaud Francillon},
title = {Demystifying Android Bootloaders: Reversing and Attacking the Huawei Bootloader},
journal = {Proceedings of the 10th ACM Conference on Security and Privacy in Wireless and Mobile Networks},
year = 2017,
}

@Misc{AndroidFirstVersion,
author = {{Android}},
title = {{A Brief History of Android}},
year = {2021},
note = {\url{https://www.android.com/history/} (Accessed on April 24, 2023).}
}

@Misc{KingrootNoLongerWorks,
author = {{Kingroot}},
title = {{Kingroot - One Click Root}},
year = {2022},
note = {\url{https://www.kingroot.net/}}
}

@Misc{XDAKingroot,
  author =    {XDA Forum},
  title =     {A warning about Kingroot for 24-12-2016},
  url = {https://forum.xda-developers.com/t/a-warning-about-kingroot-for-24-12-2016.3524950/},
  year =      2016,
}

@Misc{WSL,
  author =       {Wikipedia},
  title =        {Windows Subsystem for Linux},
  url = {https://en.wikipedia.org/wiki/Windows_Subsystem_for_Linux},
  year =         2023,
}

@Misc{heimdall,
  author =       {Benjamin Dobell},
  title =        {Heimdall},
  url = {https://github.com/Benjamin-Dobell/Heimdall},
  year =         2023,
}

@misc{twrp,
  author =      {TeamWin},
  title =       {TWRP},
  note =        {Official website. \url{https://twrp.me}},
}

@Misc{StatcounterLithuania,
author = {{Statcounter}},
title = {{Vendor Market Share - Mobile - Lithuania}},
year = {2023},
note = {\url{https://gs.statcounter.com/vendor-market-share/mobile/lithuania} (Accessed on June 6, 2023).}
}
@misc{kingroot,
  author =      {KingRoot},
  title =       {KingRoot},
  note =        {Official website. \url{https://kingroot.net}},
}
